@Misc{jflex,
  author = 	 "Gerwin Klein",
  title = 	 "{J}{F}lex {U}ser's {M}anual",
  howpublished = {\url{http://jflex.de/manual.html}}
}

@Misc{cup,
  author = 	 "Scott E. Hudson",
  title = 	 "{CUP} {U}ser's {M}anual",
  howpublished = {\url{http://www2.cs.tum.edu/projects/cup/manual.html}}
}

@Misc{jvm,
  author = 	 "Tim Lindholm and Frank Yellin",
  title = 	 "The {J}ava {V}irtual {M}achine Specification",
  howpublished = {\url{http://www2.cs.tum.edu/projects/cup/manual.html}}
}

@book{srbljic,
    author    = {Siniša Srbljić},
    title     = {Prevođenje programskih jezika},
    year      = {2007},
    publisher = {Element},
    edition = {1}
}

